<record><leader>00000cas a22000007a 4500</leader><controlfield tag="001">11503229</controlfield><controlfield tag="008">841217d1890189umtuwr ne      0    0eng d</controlfield><datafield ind1=" " ind2=" " tag="010"><subfield code="a">sn 84036296 </subfield></datafield><datafield ind1=" " ind2=" " tag="040"><subfield code="a">MTL</subfield><subfield code="b">eng</subfield><subfield code="c">MTL</subfield><subfield code="d">OCLCQ</subfield></datafield><datafield ind1=" " ind2=" " tag="042"><subfield code="a">msc</subfield></datafield><datafield ind1="0" ind2="0" tag="245"><subfield code="a">Castle mining reporter.</subfield></datafield><datafield ind1=" " ind2=" " tag="260"><subfield code="a">Castle, Mont. :</subfield><subfield code="b">J.C. Lewis</subfield></datafield><datafield ind1=" " ind2=" " tag="300"><subfield code="a">v. :</subfield><subfield code="b">ill. ;</subfield><subfield code="c">61 cm.</subfield></datafield><datafield ind1=" " ind2=" " tag="310"><subfield code="a">Weekly</subfield></datafield><datafield ind1="1" ind2=" " tag="362"><subfield code="a">Began Aug. 1, 1890.</subfield><subfield code="z">Cf. Meagher County news, Aug. 8, 1890.</subfield></datafield><datafield ind1=" " ind2=" " tag="588"><subfield code="a">Description based on: Vol. 1, no. 42 (May 23, 1891).</subfield></datafield><datafield ind1=" " ind2=" " tag="752"><subfield code="a">United States</subfield><subfield code="b">Montana</subfield><subfield code="c">Meagher</subfield><subfield code="d">Castle.</subfield></datafield><datafield ind1="0" ind2="0" tag="785"><subfield code="t">Castle reporter</subfield><subfield code="w">(DLC)sn 84036297</subfield></datafield><datafield ind1="1" ind2=" " tag="029"><subfield code="a">AU@</subfield><subfield code="b">000025812277</subfield></datafield></record>